/home/breno/wrt/bibliography/bibliography.bib